@Article{hess-25-6567-2021,
  AUTHOR = {Dubois, E. and Larocque, M. and Gagn\'e, S. and Meyzonnat, G.},
  TITLE = {Simulation of long-term spatiotemporal variations in regional-scale
  groundwater recharge: contributions of a water budget approach in cold and humid climates},
  JOURNAL = {Hydrology and Earth System Sciences},
  VOLUME = {25},
  YEAR = {2021},
  NUMBER = {12},
  PAGES = {6567--6589},
  URL = {https://hess.copernicus.org/articles/25/6567/2021/},
  DOI = {10.5194/hess-25-6567-2021}
}

@Manual{R-rechaRge,
  title = {rechaRge: Groundwater Recharge Model},
  author = {Dubois, E. and Marcon, Y.},
  year = {2024},
  note = {R package version 0.10, https://gwrecharge.github.io/rechaRge/},
  url = {https://github.com/gwrecharge/rechaRge/},
}
